
@inproceedings{meyer2021,
	title = {A Pledged Community? Using Community Detection to Analyze Autocratic Cooperation in UN Co-sponsorship Networks},
	author = {Meyer, Cosima and Hammerschmidt, Dennis},
	editor = {Benito, Rosa M. and Cherifi, Chantal and Cherifi, Hocine and Moro, Esteban and Rocha, Luis Mateus and Sales-Pardo, Marta},
	year = {2021},
	date = {2021},
	publisher = {Springer International Publishing},
	pages = {177--188},
	doi = {10.1007/978-3-030-65347-7_15},
	address = {Cham},
	langid = {en}
}

@article{lloyd1982,
	title = {Least squares quantization in PCM},
	author = {Lloyd, S.},
	year = {1982},
	month = {03},
	date = {1982-03},
	journal = {IEEE Transactions on Information Theory},
	pages = {129--137},
	volume = {28},
	number = {2},
	doi = {10.1109/TIT.1982.1056489},
	url = {https://ieeexplore.ieee.org/document/1056489},
	note = {Conference Name: IEEE Transactions on Information Theory}
}

@article{steinley2006,
	title = {K-means clustering: A half-century synthesis},
	author = {Steinley, Douglas.},
	year = {2006},
	date = {2006},
	journal = {British Journal of Mathematical and Statistical Psychology},
	pages = {1--34},
	volume = {59},
	number = {1},
	doi = {10.1348/000711005X48266},
	url = {https://onlinelibrary.wiley.com/doi/abs/10.1348/000711005X48266},
	note = {{\_}eprint: https://onlinelibrary.wiley.com/doi/pdf/10.1348/000711005X48266},
	langid = {en}
}

@misc{adams,
	title = {Speaker Adrienne Adams and Rules Committee Announce Council Leadership and Committee Chairs},
	author = {Adams, Adrienne and 2022, },
	url = {https://council.nyc.gov/press/2022/01/20/2126/},
	langid = {canadian}
}

@article{restler2024,
	title = {Interview with CM Restler},
	author = {Restler, Lincoln},
	year = {2024},
	month = {11},
	date = {2024-11-22},
	langid = {English}
}

@article{lloyd1982a,
	title = {Least squares quantization in PCM},
	author = {Lloyd, S.},
	year = {1982},
	month = {03},
	date = {1982-03},
	journal = {IEEE Transactions on Information Theory},
	pages = {129--137},
	volume = {28},
	number = {2},
	doi = {10.1109/TIT.1982.1056489},
	url = {https://ieeexplore.ieee.org/document/1056489},
	note = {Conference Name: IEEE Transactions on Information Theory}
}

@article{steinley2006a,
	title = {K-means clustering: A half-century synthesis},
	author = {Steinley, Douglas.},
	year = {2006},
	date = {2006},
	journal = {British Journal of Mathematical and Statistical Psychology},
	pages = {1--34},
	volume = {59},
	number = {1},
	doi = {10.1348/000711005X48266},
	url = {https://onlinelibrary.wiley.com/doi/abs/10.1348/000711005X48266},
	note = {{\_}eprint: https://onlinelibrary.wiley.com/doi/pdf/10.1348/000711005X48266},
	langid = {en}
}

@article{restler2024a,
	title = {Interview with CM Restler},
	author = {Restler, Lincoln},
	year = {2024},
	month = {11},
	date = {2024-11-22},
	langid = {English}
}

@misc{lange2022,
	title = {The Seven Factions of New York City Politics},
	author = {Lange, Michael},
	year = {2022},
	month = {12},
	date = {2022-12-14},
	url = {https://www.michaellange.nyc/p/the-seven-factions-of-new-york-city},
	langid = {en}
}

@article{lange2025,
	title = {Interview with Michael Lange - NYC Political Journalist},
	author = {Lange, Michael},
	year = {2025},
	month = {02},
	date = {2025-02-12}
}

@article{gemenis2024,
	title = {Artificial intelligence and voting advice applications},
	author = {Gemenis, Kostas},
	year = {2024},
	month = {01},
	date = {2024-01-30},
	journal = {Frontiers in Political Science},
	volume = {6},
	doi = {10.3389/fpos.2024.1286893},
	url = {https://www.frontiersin.orghttps://www.frontiersin.org/journals/political-science/articles/10.3389/fpos.2024.1286893/full},
	note = {Publisher: Frontiers},
	langid = {English}
}

@misc{winston,
	title = {Placing Priority, Part II},
	author = {Winston, David},
	url = {https://www.voterstudygroup.org/publication/placing-priority-part-ii},
	langid = {en}
}

@inproceedings{yamin2022,
	title = {An Unsupervised Density Based Clustering Algorithm to Detect Election Anomalies : Evidence from Georgia{\textquoteright}s Largest County},
	author = {Yamin, Khurram and Oswald, Matthew and Jadali, Nima and Xie, Yao and Zegura, Ellen and Nazzal, Dima},
	year = {2022},
	month = {06},
	date = {2022-06-29},
	publisher = {Association for Computing Machinery},
	pages = {313{\textendash}323},
	series = {COMPASS '22},
	doi = {10.1145/3530190.3534799},
	url = {https://dl.acm.org/doi/10.1145/3530190.3534799},
	address = {New York, NY, USA}
}

@article{tang,
	title = {Nationalization of U.S. Local Elections},
	author = {Tang, Francesca},
	doi = {10.2139/ssrn.4718543},
	langid = {en}
}

@article{kuriwaki2020,
	title = {A Clustering Approach for Characterizing Voter Types: An Application to High-Dimensional Ballot and Survey Data},
	author = {Kuriwaki, Shiro},
	year = {2020},
	month = {06},
	date = {2020-06-23},
	journal = {OSF Preprints},
	series = {OSF Preprints},
	url = {https://ideas.repec.org//p/osf/osfxxx/v3rhz_v1.html},
	note = {Number: v3rhz{\_}v1
Publisher: Center for Open Science},
	langid = {en}
}

@article{hendrickson2025,
	title = {Interview with Zach Hendrickson - Coordinator of NYC-DSA City Socialists in Office Committee},
	author = {Hendrickson, Zach},
	year = {2025},
	month = {03},
	date = {2025-03-06}
}
